@article{gillespie2010politics,
  title={The politics of ‘platforms’},
  author={Gillespie, Tarleton},
  journal={New Media \& Society},
  volume={12},
  number={3},
  pages={347--364},
  year={2010},
  publisher={SAGE Publications Sage UK: London, England}
}

@article{ksiazek2015civil,
  title={Civil Interactivity: How News Organizations' Commenting Policies Explain Civility and Hostility in User Comments},
  author={Ksiazek, Thomas B},
  journal={Journal of Broadcasting \& Electronic Media},
  volume={59},
  number={4},
  pages={556--573},
  year={2015},
  publisher={Taylor \& Francis}
}



@article{centivany2016values,
  title={Values, ethics and participatory policymaking in online communities},
  author={Centivany, Alissa},
  journal={Proceedings of the Association for Information Science and Technology},
  volume={53},
  number={1},
  pages={1--10},
  year={2016},
  publisher={Wiley Online Library}
}

@article{crawford2016flag,
  title={What is a flag for? Social media reporting tools and the vocabulary of complaint},
  author={Crawford, Kate and Gillespie, Tarleton},
  journal={New Media \& Society},
  volume={18},
  number={3},
  pages={410--428},
  year={2016},
  publisher={Sage Publications}
}

@inproceedings{diakopoulos2011towards,
  title={Towards quality discourse in online news comments},
  author={Diakopoulos, Nicholas and Naaman, Mor},
  booktitle={Proceedings of the ACM 2011 conference on Computer supported cooperative work},
  pages={133--142},
  year={2011},
  organization={ACM}
}

@article{stroud2015changing,
  title={Changing deliberative norms on news organizations' Facebook sites},
  author={Stroud, Natalie Jomini and Scacco, Joshua M and Muddiman, Ashley and Curry, Alexander L},
  journal={Journal of Computer-Mediated Communication},
  volume={20},
  number={2},
  pages={188--203},
  year={2015},
  publisher={Wiley Online Library}
}

@article{coe2014online,
  title={Online and uncivil? Patterns and determinants of incivility in newspaper website comments},
  author={Coe, Kevin and Kenski, Kate and Rains, Stephen A},
  journal={Journal of Communication},
  volume={64},
  number={4},
  pages={658--679},
  year={2014},
  publisher={Wiley Online Library}
}

@inproceedings{sukumaran2011normative,
  title={Normative influences on thoughtful online participation},
  author={Sukumaran, Abhay and Vezich, Stephanie and McHugh, Melanie and Nass, Clifford},
  booktitle={Proceedings of the SIGCHI Conference on Human Factors in Computing Systems},
  pages={3401--3410},
  year={2011},
  organization={ACM}
}

@article{anderson2014nasty,
  title={The “nasty effect:” Online incivility and risk perceptions of emerging technologies},
  author={Anderson, Ashley A and Brossard, Dominique and Scheufele, Dietram A and Xenos, Michael A and Ladwig, Peter},
  journal={Journal of Computer-Mediated Communication},
  volume={19},
  number={3},
  pages={373--387},
  year={2014},
  publisher={Wiley Online Library}
}

@article{halpern2013social,
  title={Social media as a catalyst for online deliberation? Exploring the affordances of Facebook and YouTube for political expression},
  author={Halpern, Daniel and Gibbs, Jennifer},
  journal={Computers in Human Behavior},
  volume={29},
  number={3},
  pages={1159--1168},
  year={2013},
  publisher={Elsevier}
}

@article{dahlberg2001internet,
  title={The Internet and democratic discourse: Exploring the prospects of online deliberative forums extending the public sphere},
  author={Dahlberg, Lincoln},
  journal={Information, Communication \& Society},
  volume={4},
  number={4},
  pages={615--633},
  year={2001},
  publisher={Taylor \& Francis}
}

@book{gagliardone2015countering,
  title={Countering online hate speech},
  author={Gagliardone, Iginio and Gal, Danit and Alves, Thiago and Martinez, Gabriela},
  year={2015},
  publisher={UNESCO Publishing}
}

@inproceedings{warner2012detecting,
  title={Detecting hate speech on the world wide web},
  author={Warner, William and Hirschberg, Julia},
  booktitle={Proceedings of the Second Workshop on Language in Social Media},
  pages={19--26},
  year={2012},
  organization={Association for Computational Linguistics}
}

@article{yin2009detection,
  title={Detection of harassment on web 2.0},
  author={Yin, Dawei and Xue, Zhenzhen and Hong, Liangjie and Davison, Brian D and Kontostathis, April and Edwards, Lynne},
  journal={Proceedings of the Content Analysis in the WEB},
  volume={2},
  pages={1--7},
  year={2009}
}

@article{schrock2011problematic,
  title={Problematic youth interaction online: Solicitation, harassment, and cyberbullying},
  author={Schrock, Andrew and Boyd, Danah},
  journal={Computer-mediated communication in personal relationships},
  pages={368--398},
  year={2011},
  publisher={Peter Lang New York, NY}
}

@article{tokunaga2010following,
  title={Following you home from school: A critical review and synthesis of research on cyberbullying victimization},
  author={Tokunaga, Robert S},
  journal={Computers in human behavior},
  volume={26},
  number={3},
  pages={277--287},
  year={2010},
  publisher={Elsevier}
}

@article{wolak2007does,
  title={Does online harassment constitute bullying? An exploration of online harassment by known peers and online-only contacts},
  author={Wolak, Janis and Mitchell, Kimberly J and Finkelhor, David},
  journal={Journal of adolescent health},
  volume={41},
  number={6},
  pages={S51--S58},
  year={2007},
  publisher={Elsevier}
}

@article{sood2012automatic,
  title={Automatic identification of personal insults on social news sites},
  author={Sood, Sara Owsley and Churchill, Elizabeth F and Antin, Judd},
  journal={Journal of the American Society for Information Science and Technology},
  volume={63},
  number={2},
  pages={270--285},
  year={2012},
  publisher={Wiley Online Library}
}

@article{dinakar2011modeling,
  title={Modeling the detection of Textual Cyberbullying.},
  author={Dinakar, Karthik and Reichart, Roi and Lieberman, Henry},
  journal={The Social Mobile Web},
  volume={11},
  number={02},
  year={2011}
}

@inproceedings{nobata2016abusive,
  title={Abusive language detection in online user content},
  author={Nobata, Chikashi and Tetreault, Joel and Thomas, Achint and Mehdad, Yashar and Chang, Yi},
  booktitle={Proceedings of the 25th International Conference on World Wide Web},
  pages={145--153},
  year={2016},
  organization={International World Wide Web Conferences Steering Committee}
}