% automatic mechanism of detecting/determining rumours

% from users' posting and re-posting ("re-tweeting") behavior, from the text of the posts, and from citations to external sources.
% Among several other features, newsworthy topics tend to include URLs and to have deep propagation trees. 
@inproceedings{castillo2011information,
  title={Information credibility on twitter},
  author={Castillo, Carlos and Mendoza, Marcelo and Poblete, Barbara},
  booktitle={Proceedings of the 20th international conference on World wide web},
  pages={675--684},
  year={2011},
  organization={ACM}
}

@article{hughes2009twitter,
  title={Twitter adoption and use in mass convergence and emergency events},
  author={Hughes, Amanda Lee and Palen, Leysia},
  journal={International Journal of Emergency Management},
  volume={6},
  number={3-4},
  pages={248--260},
  year={2009},
  publisher={Inderscience Publishers}
}

@inproceedings{gupta2012credibility,
  title={Credibility ranking of tweets during high impact events},
  author={Gupta, Aditi and Kumaraguru, Ponnurangam},
  booktitle={Proceedings of the 1st Workshop on Privacy and Security in Online Social Media},
  pages={2},
  year={2012},
  organization={ACM}
}


@inproceedings{mendoza2010twitter,
  title={Twitter under crisis: can we trust what we RT?},
  author={Mendoza, Marcelo and Poblete, Barbara and Castillo, Carlos},
  booktitle={Proceedings of the first workshop on social media analytics},
  pages={71--79},
  year={2010},
  organization={ACM}
}

@inproceedings{oh2010exploration,
  title={An Exploration of Social Media in Extreme Events: Rumor Theory and Twitter during the Haiti Earthquake 2010.},
  author={Oh, Onook and Kwon, Kyounghee Hazel and Rao, H Raghav},
  booktitle={ICIS},
  pages={231},
  year={2010}
}

@article{starbird2014rumors,
  title={Rumors, false flags, and digital vigilantes: Misinformation on twitter after the 2013 boston marathon bombing},
  author={Starbird, Kate and Maddock, Jim and Orand, Mania and Achterman, Peg and Mason, Robert M},
  journal={iConference 2014 Proceedings},
  year={2014},
  publisher={iSchools}
}

@article{borge2012absence,
  title={Absence of influential spreaders in rumor dynamics},
  author={Borge-Holthoefer, Javier and Moreno, Yamir},
  journal={Physical Review E},
  volume={85},
  number={2},
  pages={026116},
  year={2012},
  publisher={APS}
}

@inproceedings{liu2011rumor,
  title={Rumor Propagation in Online Social Networks Like Twitter--A Simulation Study},
  author={Liu, Dechun and Chen, Xi},
  booktitle={2011 Third International Conference on Multimedia Information Networking and Security},
  pages={278--282},
  year={2011},
  organization={IEEE}
}


%% automatic rumor detections

@inproceedings{zhao2015enquiring,
  title={Enquiring minds: Early detection of rumors in social media from enquiry posts},
  author={Zhao, Zhe and Resnick, Paul and Mei, Qiaozhu},
  booktitle={Proceedings of the 24th International Conference on World Wide Web},
  pages={1395--1405},
  year={2015},
  organization={ACM}
}


@inproceedings{qazvinian2011rumor,
  title={Rumor has it: Identifying misinformation in microblogs},
  author={Qazvinian, Vahed and Rosengren, Emily and Radev, Dragomir R and Mei, Qiaozhu},
  booktitle={Proceedings of the Conference on Empirical Methods in Natural Language Processing},
  pages={1589--1599},
  year={2011},
  organization={Association for Computational Linguistics}
}

@article{zubiaga2016analysing,
  title={Analysing how people orient to and spread rumours in social media by looking at conversational threads},
  author={Zubiaga, Arkaitz and Liakata, Maria and Procter, Rob and Hoi, Geraldine Wong Sak and Tolmie, Peter},
  journal={PloS one},
  volume={11},
  number={3},
  pages={e0150989},
  year={2016},
  publisher={Public Library of Science}
}


@inproceedings{maddock2015characterizing,
  title={Characterizing online rumoring behavior using multi-dimensional signatures},
  author={Maddock, Jim and Starbird, Kate and Al-Hassani, Haneen J and Sandoval, Daniel E and Orand, Mania and Mason, Robert M},
  booktitle={Proceedings of the 18th ACM Conference on Computer Supported Cooperative Work \& Social Computing},
  pages={228--241},
  year={2015},
  organization={ACM}
}

@inproceedings{sahana2015automatic,
  title={Automatic detection of rumoured tweets and finding its origin},
  author={Sahana, VP and Pias, Alwyn R and Shastri, Richa and Mandloi, Shweta},
  booktitle={Computing and Network Communications (CoCoNet), 2015 International Conference on},
  pages={607--612},
  year={2015},
  organization={IEEE}
}

% credibility on Twitter
Credibility Ranking of Tweets during High Impact Events
Aditi Gupta, Ponnurangam Kumaraguru Indraprastha Institute of Information Technology, Delhi, India {aditig, pk}@iiitd.ac.in precog.iiitd.edu.in

Information credibility on twitter
Authors:	Carlos Castillo	Yahoo! Research, Barcelona, Spain
Marcelo Mendoza	Universidad TÃ©cnica Federico Santa Maria and Yahoo! Research Latin America, Santiago, Chile
Barbara Poblete	Yahoo! Research Latin America and Universidad de Chile, Santiago, Chile


% rumours and sources
Wenxiang Dong, Wenyi Zhang and Chee Wei Tan, ?Rooting out the Rumor Culprit from Suspects?, Published in Information Theory Proceedings (ISIT), 2013 IEEE International Symposium

Devavrat Shah and Tauhid Zaman, ?Rumors in a Network: Who?s the Culprit??, Published in: Information Theory, IEEE Transactions on (Volume:57 , Issue: 8 )


Eunsoo Seoa, Prasant Mohapatrab and Tarek Abdelzahera, ?Identifying Rumors and Their Sources in Social Networks?, Proc. SPIE 8389, Ground/Air Multisensor Interoperability, Integration, and Networking for Persistent ISR III, 83891I (May 1, 2012); doi:10.1117/12.919823

Automatic detection of Rumoured Tweets and finding its Origin

% propagation of rumours
Rumours and reputation: Evaluating multi-dimensional trust within a decentralised reputation system
S Reece, A Rogers, S Roberts? - Proceedings of the 6th ?, 2007 - dl.acm.org

Epidemiological modeling of news and rumors on twitter
F Jin, E Dougherty, P Saraf, Y Cao? - ? on Social Network ?, 2013 - dl.acm.org

A mathematical model of news propagation on online social network and a control strategy for rumor spreading
J Dhar, A Jain, VK Gupta - Social Network Analysis and Mining, 2016 - Springer
